%% This BibTeX bibliography file was created using BibDesk.
%% http://bibdesk.sourceforge.net/


%% Created for Andrew Tulloch at 2014-01-20 10:17:46 +0000 


%% Saved with string encoding Unicode (UTF-8) 



@book{brockwell2002introduction,
	Author = {Brockwell, Peter J and Davis, Richard A},
	Date-Added = {2014-01-20 10:17:42 +0000},
	Date-Modified = {2014-01-20 10:17:42 +0000},
	Publisher = {Taylor \& Francis US},
	Title = {Introduction to time series and forecasting},
	Year = {2002}}

@book{brockwell2009time,
	Author = {Brockwell, Peter J and Davis, Richard A},
	Date-Added = {2014-01-20 10:17:39 +0000},
	Date-Modified = {2014-01-20 10:17:39 +0000},
	Publisher = {Springer},
	Title = {Time series: theory and methods},
	Year = {2009}}

@article{kennedy1997characterizing,
	Author = {Kennedy, Douglas P},
	Date-Added = {2013-12-04 11:40:40 +0000},
	Date-Modified = {2013-12-04 11:40:40 +0000},
	Journal = {Mathematical Finance},
	Number = {2},
	Pages = {107--118},
	Publisher = {Wiley Online Library},
	Title = {Characterizing Gaussian models of the term structure of interest rates},
	Volume = {7},
	Year = {1997}}

@article{hull1990pricing,
	Author = {Hull, John and White, Alan},
	Date-Added = {2013-12-04 11:40:31 +0000},
	Date-Modified = {2013-12-04 11:40:31 +0000},
	Journal = {Review of financial studies},
	Number = {4},
	Pages = {573--592},
	Publisher = {Soc Financial Studies},
	Title = {Pricing interest-rate-derivative securities},
	Volume = {3},
	Year = {1990}}

@article{ho1986term,
	Author = {Ho, Thomas SY and Lee, Sang-Bin},
	Date-Added = {2013-12-04 11:26:39 +0000},
	Date-Modified = {2013-12-04 11:31:18 +0000},
	Journal = {The Journal of Finance},
	Number = {5},
	Pages = {1011--1029},
	Publisher = {Wiley Online Library},
	Title = {Term structure movements and pricing interest rate contingent claims},
	Volume = {41},
	Year = {1986}}

@article{heath1992bond,
	Author = {Heath, David and Jarrow, Robert and Morton, Andrew},
	Date-Added = {2013-12-04 11:09:11 +0000},
	Date-Modified = {2013-12-04 11:09:11 +0000},
	Journal = {Econometrica: Journal of the Econometric Society},
	Pages = {77--105},
	Publisher = {JSTOR},
	Title = {Bond pricing and the term structure of interest rates: A new methodology for contingent claims valuation},
	Year = {1992}}

@article{heston1993closed,
	Author = {Heston, Steven L},
	Date-Added = {2013-11-25 11:41:27 +0000},
	Date-Modified = {2013-11-25 11:41:27 +0000},
	Journal = {Review of financial studies},
	Number = {2},
	Pages = {327--343},
	Publisher = {Soc Financial Studies},
	Title = {A closed-form solution for options with stochastic volatility with applications to bond and currency options},
	Volume = {6},
	Year = {1993}}

@article{cox1985theory,
	Author = {Cox, John C and Ingersoll Jr, Jonathan E and Ross, Stephen A},
	Date-Added = {2013-11-25 11:40:45 +0000},
	Date-Modified = {2013-11-25 11:40:45 +0000},
	Journal = {Econometrica: Journal of the Econometric Society},
	Pages = {385--407},
	Publisher = {JSTOR},
	Title = {A theory of the term structure of interest rates},
	Year = {1985}}

@book{strauss1992partial-differe,
	Author = {Strauss, Walter A},
	Date-Added = {2013-10-14 11:17:14 +0000},
	Date-Modified = {2013-12-04 14:26:05 +0000},
	Number = {4},
	Publisher = {Wiley New York},
	Title = {Partial differential equations: An introduction},
	Volume = {3},
	Year = {1992}}

@article{evans1998partial-differe,
	Author = {Evans, Lawrence C},
	Date-Added = {2013-10-14 11:16:03 +0000},
	Date-Modified = {2013-12-04 14:26:03 +0000},
	Journal = {American mathematical society},
	Title = {Partial differential equations: Graduate studies in Mathematics},
	Year = {1998}}

@misc{rudin1991functional-anal,
	Author = {Rudin, Walter},
	Date-Added = {2013-10-14 11:15:31 +0000},
	Date-Modified = {2013-12-04 14:26:07 +0000},
	Publisher = {McGraw-Hill, Inc., New York},
	Title = {Functional analysis. International series in pure and applied mathematics},
	Year = {1991}}

@book{musiela2006martingale-meth,
	Author = {Marek Musiela and Marek Rutkowski},
	Date-Modified = {2013-12-04 14:26:06 +0000},
	Publisher = {Springer},
	Title = {Martingale Methods in Financial Modelling},
	Year = {2006}}
